<record><leader>00000cas a22000007a 4500</leader><controlfield tag="001">27734624</controlfield><controlfield tag="008">930316d18531869scuwr ne      0    0eng d</controlfield><datafield ind1=" " ind2=" " tag="010"><subfield code="a">sn 93067635 </subfield></datafield><datafield ind1=" " ind2=" " tag="040"><subfield code="a">SVN</subfield><subfield code="b">eng</subfield><subfield code="c">SVN</subfield><subfield code="d">FUG</subfield><subfield code="d">OCL</subfield><subfield code="d">OCLCQ</subfield><subfield code="d">OCLCF</subfield><subfield code="d">OCLCO</subfield></datafield><datafield ind1=" " ind2=" " tag="042"><subfield code="a">msc</subfield></datafield><datafield ind1=" " ind2=" " tag="043"><subfield code="a">n-us-sc</subfield></datafield><datafield ind1="0" ind2="0" tag="245"><subfield code="a">Chester standard.</subfield></datafield><datafield ind1=" " ind2=" " tag="260"><subfield code="a">Chester, S.C. :</subfield><subfield code="b">C. Davis Melton and Samuel W. Melton</subfield></datafield><datafield ind1=" " ind2=" " tag="300"><subfield code="a">v.</subfield></datafield><datafield ind1=" " ind2=" " tag="310"><subfield code="a">Weekly</subfield></datafield><datafield ind1="1" ind2=" " tag="362"><subfield code="a">Began in 1853? Ceased in 1869?</subfield><subfield code="z">Moore, South Carolina newspapers.</subfield></datafield><datafield ind1=" " ind2=" " tag="588"><subfield code="a">Description based on: Vol. 5, no. 3 (Jan. 19, 1854).</subfield></datafield><datafield ind1=" " ind2="0" tag="651"><subfield code="a">Chester (S.C.)</subfield><subfield code="v">Newspapers.</subfield></datafield><datafield ind1=" " ind2="0" tag="651"><subfield code="a">Chester County (S.C.)</subfield><subfield code="v">Newspapers.</subfield></datafield><datafield ind1=" " ind2="7" tag="655"><subfield code="a">Newspapers.</subfield><subfield code="2">fast</subfield><subfield code="0">(OCoLC)fst01423814</subfield></datafield><datafield ind1=" " ind2="7" tag="651"><subfield code="a">South Carolina</subfield><subfield code="z">Chester.</subfield><subfield code="2">fast</subfield><subfield code="0">(OCoLC)fst01222542</subfield></datafield><datafield ind1=" " ind2="7" tag="651"><subfield code="a">South Carolina</subfield><subfield code="z">Chester County.</subfield><subfield code="2">fast</subfield><subfield code="0">(OCoLC)fst01206816</subfield></datafield><datafield ind1=" " ind2=" " tag="752"><subfield code="a">United States</subfield><subfield code="b">South Carolina</subfield><subfield code="c">Chester</subfield><subfield code="d">Chester.</subfield></datafield><datafield ind1="0" ind2=" " tag="775"><subfield code="t">Semi-weekly standard (Cheraw, S.C.)</subfield><subfield code="w">(DLC)sn 85027007</subfield></datafield><datafield ind1="0" ind2="0" tag="780"><subfield code="t">Palmetto standard</subfield><subfield code="w">(DLC)sn 85027006</subfield></datafield><datafield ind1="0" ind2="0" tag="785"><subfield code="t">Chester reporter (Chester, S.C.)</subfield><subfield code="w">(DLC)sn 84027854</subfield></datafield></record>